@article{McCollum2010,
  author = {McCollum, Barry and Schaerf, Andrea and Paechter, Ben and McMullan,
            Paul and Lewis, Rhyd and Parkes, Andrew J. and Di Gaspero, Luca and
            Qu, Rong and Burke, Edmund K.},
  title = {Setting the Research Agenda in Automated Timetabling: The Second
           International Timetabling Competition},
  journal = {INFORMS Journal on Computing},
  volume = {22},
  number = {1},
  year = {2010},
  pages = {120--130},
  publisher = {INFORMS},
  address = {Maryland, USA}
}

@book{Pinedo2012,
  author = {Pinedo, Michael L.},
  title = {Scheduling: Theory, Algorithms, and Systems},
  edition = {4\textsuperscript{th}},
  publisher = {Springer},
  address = {New York},
  year = {2012}
}

@inproceedings{Pothitos2012-Scheduling,
  author = {Pothitos, Nikolaos and Stamatopoulos, Panagiotis and Zervoudakis,
            Kyriakos},
  title = {Course Scheduling in an Adjustable Constraint Propagation Schema},
  booktitle = {ICTAI 2012: 24\textsuperscript{th} IEEE International Conference
               on Tools with Artificial Intelligence},
  volume = {1},
  pages = {335--343},
  publisher = {IEEE},
  year = {2012}
}

@article{Cabon1999,
  author = {Cabon, Bertrand and de Givry, Simon and Lobjois, Lionel and Schiex,
            Thomas and Warners, Joost P.},
  title = {Radio Link Frequency Assignment},
  journal = {Constraints},
  pages = {79--89},
  volume = {4},
  number = {1},
  publisher = {Springer},
  address = {Netherlands},
  year = {1999}
}

@incollection{Barahona2011,
  author = {Barahona, Pedro and Krippahl, Ludwig and Perriquet, Olivier},
  title = {Bioinformatics: A Challenge to Constraint Programming},
  booktitle = {Hybrid Optimization},
  editor = {Van Hentenryck, Pascal and Milano, Michela},
  pages = {463--487},
  volume = {45},
  publisher = {Springer},
  address = {New York},
  year = {2011}
}
  booktitle = {Hybrid Optimization: The Ten Years of CPAIOR},
  series = {Springer Optimization and Its Applications},


@article{Fortnow2009,
  author = {Fortnow, Lance},
  title = {The Status of the {P} versus {NP} Problem},
  journal = {Communications of the ACM},
  volume = {52},
  number = {9},
  pages = {78--86},
  publisher = {ACM},
  address = {New York},
  year = {2009}
}

@article{Freuder2014,
  author = {Freuder, Eugene C. and O'Sullivan, Barry},
  title = {Grand Challenges for Constraint Programming},
  journal = {Constraints},
  volume = {19},
  number = {2},
  pages = {150--162},
  publisher = {Springer US},
  year = {2014},
  doi = {10.1007/s10601-013-9155-1},
  issn = {1383-7133}
}

@book{Tsang2014,
  author = {Tsang, Edward},
  title = {Foundations of Constraint Satisfaction},
  publisher = {Books on Demand},
  address = {Norderstedt},
  year = {2014},
  isbn = {978-3-73-572366-6}
}
  editor = {Fruehwirth, Thom},


@inproceedings{Gent1999,
  author = {Gent, Ian P. and Walsh, Toby},
  title = {\textsc{CSPlib}: A Benchmark Library for Constraints},
  booktitle = {CP 1999: 5\textsuperscript{th} International Conference on
               Principles and Practice of Constraint Programming, Alexandria,
               Virginia},
  series = {LNCS},
  editor = {Jaffar, Joxan},
  volume = {1713},
  pages = {480--481},
  publisher = {Springer},
  address = {Heidelberg},
  year = {1999},
  note = {\url{http://CSPLib.org}}
}

@misc{ECLiPSe2017,
  key = {ECLiPSe},
  title = {{ECL\textsuperscript{i}PS\textsuperscript{e}} Constraint Programming
           System},
  howpublished = {\url{http://eclipseclp.org}},
  year = {2017}
}

@misc{Ilog2012,
  key = {Ilog Solver},
  title = {\textsc{Ilog Solver}},
  howpublished = {\url{http://ilog.com/products/cp}},
  year = {2012}
}

@article{Prosser2011,
  author = {Prosser, Patrick and Unsworth, Chris},
  title = {Limited Discrepancy Search Revisited},
  journal = {J. Experim. Algor.},
  volume = {16},
  pages = {1.6:1--1.6:18},
  publisher = {ACM},
  address = {New York},
  year = {2011}
}
  number = {1},


@inproceedings{Bartak2004,
  author = {Bart{\'a}k, Roman},
  title = {Incomplete Depth-First Search Techniques: A Short Survey},
  booktitle = {CPDC 2004: 6\textsuperscript{th} Workshop on Constraint
               Programming for Decision and Control},
  pages = {7--14},
  publisher = {Institute of Automation Control, Silesian University of
               Technology},
  year = {2004}
}
  Gliwice, Poland
  editor = {Figwer, Jaros{\l}aw},


@article{Ginsberg1992,
  author = {Ginsberg, Matthew L. and Harvey, William D.},
  title = {Iterative Broadening},
  journal = {Artificial Intelligence},
  volume = {55},
  number = {2-3},
  pages = {367--383},
  year = {1992}
}

@inproceedings{Bartak2005,
  author = {Bart{\'a}k, Roman and Rudov{\'a}, Hana},
  title = {Limited Assignments: A New Cutoff Strategy for Incomplete Depth-First
           Search},
  booktitle = {SAC 2005: Symposium on Applied Computing, Santa Fe, New Mexico},
  editor = {Haddad, Hisham and Liebrock, Lorie M. and Omicini, Andrea and
            Wainwright, Roger L.},
  pages = {388--392},
  publisher = {ACM},
  address = {New York},
  year = {2005}
}

@inproceedings{Walsh1997,
  author = {Walsh, Toby},
  title = {Depth-bounded Discrepancy Search},
  booktitle = {IJCAI 1997: 15\textsuperscript{th} International Joint Conference
               on Artificial Intelligence, Nagoya, Japan},
  editor = {Pollack, Martha E.},
  volume = {2},
  pages = {1388--1393},
  publisher = {Morgan Kaufmann},
  address = {San Francisco},
  year = {1997}
}

@inproceedings{Jafari2011,
  author = {Jafari, Bahareh and Mouhoub, Malek},
  title = {Heuristic Techniques for Variable and Value Ordering in {CSPs}},
  booktitle = {GECCO 2011: Proceedings of the 13\textsuperscript{th} Annual
               Conference on Genetic and Evolutionary Computation, Dublin},
  pages = {457--464},
  publisher = {ACM},
  address = {New York},
  year = {2011}
}
  editor = {Krasnogor, Natalio and Lanzi, Pier Luca},


@inproceedings{Sharma2012,
  author = {Sharma, Durgesh and Singh, Vijai and Sharma, Chitra},
  title = {{GA}-based Scheduling of {FMS} Using Roulette Wheel Selection
           Process},
  booktitle = {SocProS 2011: International Conference on Soft Computing for
               Problem Solving},
  volume = {131},
  pages = {931--940},
  publisher = {Springer},
  year = {2012}
}
  address = {India},
  series={Advances in Intelligent and Soft Computing},
  editor={Deep, Kusum and Nagar, Atulya and Pant, Millie and Bansal, Jagdish
          Chand},


@inproceedings{Bresina1996,
  author = {Bresina, John L.},
  title = {Heuristic-Biased Stochastic Sampling},
  booktitle = {AAAI 1996: 13\textsuperscript{th} National Conference on
               Artificial Intelligence, Portland, Oregon},
  editor = {Clancey, William J. and Weld, Daniel S.},
  volume = {1},
  pages = {271--278},
  publisher = {AAAI Press},
  address = {Menlo Park},
  year = {1996}
}

@article{Cicirello2005,
  author = {Cicirello, Vincent A. and Smith, Stephen F.},
  title = {Enhancing Stochastic Search Performance by Value-Biased Randomization
           of Heuristics},
  journal = {Journal of Heuristics},
  volume = {11},
  number = {1},
  pages = {5--34},
  year = {2005}
}

@inproceedings{Xu2009,
  author = {Xu, Yuehua and Stern, David and Samulowitz, Horst},
  title = {Learning Adaptation to Solve Constraint Problems},
  booktitle = {LION 3: 3\textsuperscript{rd} International Conference on
               Learning and Intelligent Optimization},
  publisher = {Springer},
  year = {2009}
}
  Trento

@article{Gomes2000,
  author = {Gomes, Carla P. and Selman, Bart and Crato, Nuno and Kautz, Henry},
  title = {Heavy-Tailed Phenomena in Satisfiability and Constraint Satisfaction
           Problems},
  journal = {Journal of Automated Reasoning},
  volume = {24},
  number = {1-2},
  pages = {67--100},
  publisher = {Kluwer Academic Publishers},
  year = {2000},
  issn = {0168-7433},
  doi = {10.1023/A:1006314320276}
}
  url = {http://dx.doi.org/10.1023/A%3A1006314320276}

@misc{Naxos,
  author = {Pothitos, Nikolaos},
  title = {\textsc{Naxos Solver}},
  howpublished = {\url{http://github.com/pothitos/naxos}},
  year = {2017}
}

@inproceedings{Pothitos2016-PoPS,
  author = {Pothitos, Nikolaos and Stamatopoulos, Panagiotis},
  title = {{P}iece of {P}ie {S}earch: Confidently Exploiting Heuristics},
  booktitle = {SETN 2016: 9\textsuperscript{th} Hellenic Conference on
               Artificial Intelligence},
  editor = {Bassiliades, Nick and Bikakis, Antonis and Vrakas, Dimitris and
            Vlahavas, Ioannis P. and Vouros, George A.},
  pages = {8:1--8:8},
  publisher = {ACM},
  address = {New York},
  year = {2016},
  isbn = {978-1-4503-3734-2},
  doi = {10.1145/2903220.2903242}
}

@article{Chen2013,
  author = {Chen, Hubie and Dalmau, V{\'\i}ctor and Gru{\ss}ien, Berit},
  title = {Arc Consistency and Friends},
  journal = {Journal of Logic and Computation},
  volume = {23},
  number = {1},
  pages = {87--108},
  year = {2013},
  doi = {10.1093/logcom/exr039}
}

@misc{Gecode2017,
  title = {Gecode: Generic Constraint Development Environment},
  howpublished = {\url{http://gecode.org}},
  year = {2017}
}
